@inproceedings{fcs.sbseg20,
    title     = "Freechains: Dissemina{\c{c}}\~ao de Conte\'udo Peer-to-Peer",
    author    = "Francisco Sant'Anna and Fabio Bosisio and Lucas Pires",
    booktitle = "Workshop on Tools, SBSeg'20"
}
%url = "http://sbseg.sbc.org.br/2020/pt/programacao_pt.html"

@inproceedings{fed.distributed,
  title={Making federated networks more distributed},
  author={Auvolat, Alex},
  booktitle={2019 38th Symposium on Reliable Distributed Systems (SRDS)},
  pages={383--3831},
  year={2019},
  organization={IEEE}
}

@article{fed.matrix,
  title={Analysis of the matrix event graph replicated data type},
  author={Jacob, Florian and Beer, Carolin and Henze, Norbert and Hartenstein, Hannes},
  journal={IEEE access},
  volume={9},
  pages={28317--28333},
  year={2021},
  publisher={IEEE}
}

@inproceedings{internet.fixing,
  title={Fixing the internet},
  author={Zittrain, Jonathan},
  volume={362},
  number={6417},
  pages={871--871},
  year={2018},
  publisher={American Association for the Advancement of Science}
}

@article{p2p.dosn,
  title={The good left undone: Advances and challenges in decentralizing online social networks},
  author={Koll, David and Li, Jun and Fu, Xiaoming},
  journal={Computer Communications},
  volume={108},
  pages={36--51},
  year={2017},
  publisher={Elsevier}
}

@article{p2p.intention,
  title={Achieving convergence, causality preservation, and intention preservation in real-time cooperative editing systems},
  author={Chengzheng Sun and others},
  journal={ACM TOCHI'98},
  volume={5},
  number={1},
  pages={63--108},
  publisher={ACM New York, NY, USA}
}

@inproceedings{p2p.sec,
  title={Verifying strong eventual consistency in distributed systems},
  author={Victor Gomes and others},
  journal={OOPSLA'17},
  volume={1},
  pages={1--28},
  year={2017},
  publisher={ACM New York, NY, USA}
}

@inproceedings{p2p.crdts,
  title={Conflict-free replicated data types},
  author={Shapiro, Marc and Pregui{\c{c}}a, Nuno and Baquero, Carlos and Zawirski, Marek},
  booktitle={Symposium on Self-Stabilizing Systems},
  pages={386--400},
  year={2011},
  organization={Springer}
}

@inproceedings{p2p.dvcs,
  title={Decentralized collaborative version control},
  author={Nasrulin, Bulat and Pouwelse, Johan},
  booktitle={Workshop on Distributed Infrastructure for Common Good},
  pages={11--16},
  year={2021}
}

@inproceedings{p2p.proofs,
  title={Comparative analysis of blockchain consensus algorithms},
  author={Leo Maxim Bach and others},
  booktitle={MIPRO'18},
  pages={1545--1550},
  year={2018},
  organization={IEEE}
}

@article{kahn,
  title={Topological sorting of large networks},
  author={Kahn, Arthur B},
  journal={Communications of the ACM},
  volume={5},
  number={11},
  pages={558--562},
  year={1962},
  publisher={ACM New York, NY, USA}
}


@article{p2p.dag.sync,
  title={Byzantine eventual consistency and the fundamental limits of peer-to-peer databases},
  author={Kleppmann, Martin and Howard, Heidi},
  journal={arXiv preprint arXiv:2012.00472},
  year={2020}
}


@inproceedings{p2p.prune,
  title={How to Securely Prune Bitcoinâ€™s Blockchain},
  author={Matzutt, Roman and Kalde, Benedikt and Pennekamp, Jan and Drichel, Arthur and Henze, Martin and Wehrle, Klaus},
  booktitle={2020 IFIP Networking Conference (Networking)},
  pages={298--306},
  year={2020},
  organization={IEEE}
}

@article{p2p.merkle-crdts,
  title={Merkle-CRDTs: Merkle-DAGs meet CRDTs},
  author={Sanjuan, Hector and Poyhtari, Samuli and Teixeira, Pedro and Psaras, Ioannis},
  journal={arXiv preprint arXiv:2004.00107},
  year={2020}
}

@article{p2p.osn,
  title={Peer-to-Peer-Based Social Networks: A Comprehensive Survey},
  author={Masinde, Newton and Graffi, Kalman},
  journal={SN Computer Science},
  volume={1},
  number={5},
  pages={1--51},
  year={2020},
  publisher={Springer}
}

@article{p2p.survey,
author = {Stephanos Androutsellis Theotokis and Diomidis Spinellis},
title = {A Survey of Peer-to-Peer Content Distribution Technologies},
year = {2004},
issue_date = {December 2004},
publisher = {Association for Computing Machinery},
address = {New York, NY, USA},
issn = {0360-0300},
doi = {10.1145/1041680.1041681},
journal = {ACM Comput. Surv.},
month = dec,
numpages = {37},
keywords = {DOLR, DHT, peer-to-peer, p2p, Content distribution, grid computing}
}
%url = {https://doi.org/10.1145/1041680.1041681},
%volume = {36},
%number = {4},
%pages = {335--371},

@inproceedings{p2p.local,
  title={Local-first software: you own your data, in spite of the cloud},
  author={Martin Kleppmann and others},
  booktitle={Onward'19},
  pages={154--178},
  year={2019}
}

@inproceedings{p2p.sybil,
  title={The sybil attack},
  author={Douceur, John R},
  booktitle={International workshop on peer-to-peer systems},
  pages={251--260},
  year={2002},
  organization={Springer}
}

@inproceedings{p2p.byz,
  title={Making CRDTs Byzantine Fault Tolerant},
  author={Kleppmann, Martin},
  booktitle={Proceedings of the 9th Workshop on Principles and Practice of Consistency for Distributed Data},
  pages={8--15},
  year={2022}
}

@incollection{lamport.byz,
  title={The Byzantine generals problem},
  author={Lamport, Leslie and Shostak, Robert and Pease, Marshall},
  booktitle={Concurrency: the works of leslie lamport},
  pages={203--226},
  year={2019}
}

@techreport{p2p.bitcoin,
  title={Bitcoin: A peer-to-peer electronic cash system},
  author={Satoshi Nakamoto},
  year={2009}
}

@inproceedings{btc.content,
  title={A quantitative analysis of the impact of arbitrary blockchain content on bitcoin},
  author={Roman Matzutt and others},
  booktitle={FC'18, Nieuwpoort, Cura{\c{c}}ao},
  pages={420--438},
  year={2018},
  organization={Springer}
}

@article{btc.data,
  title={Data insertion in bitcoin's blockchain},
  author={Andrew Sward and others},
  journal={Ledger},
  volume={3},
  year={2018}
}


%institution={Manubot}

@inproceedings{p2p.scuttlebutt,
  title={Secure Scuttlebutt: An Identity-Centric Protocol for Subjective and Decentralized Applications},
  author={Dominic Tarr and others},
  booktitle={ACM ICN'19},
  pages={1--11},
  year={2019}
}

@article{p2p.ipfs,
  title={Ipfs-content addressed, versioned, p2p file system},
  author={Juan Benet},
  journal={arXiv:1407.3561},
  year={2014}
}

@article{p2p.dat,
  title={The Dat Project, an open and decentralized research data tool},
  author={Robinson, Danielle C and Hand, Joe A and Madsen, Mathias Buus and McKelvey, Karissa R},
  journal={Scientific data},
  volume={5},
  number={1},
  pages={1--4},
  year={2018},
  publisher={Nature Publishing Group}
}

@book{pubsub.xmpp,
  title={XMPP: the definitive guide},
  author={Saint-Andre, Peter and Smith, Kevin and Tron{\c{c}}on, Remko and Troncon, Remko},
  year={2009},
  publisher={O'Reilly Media}
}

@article{pubsub.activitypub,
  title={ActivityPub},
  author={Christopher Webber and others},
  year={2018},
  journal={W3C Recommendation}
}

@inproceedings{pubsub.tera,
  title={{TERA}: {T}opic-{B}ased {E}vent {R}outing for {P}eer-to-{P}eer {A}rchitectures},
  author={Roberto Baldoni and others},
  booktitle={DEBS'07},
  pages={2--13},
  year={2007}
}

@article{pubsub.rappel,
  title={Rappel: Exploiting interest and network locality to improve fairness in publish-subscribe systems},
  author={Jay A Patel and others},
  journal={Computer Networks},
  volume={53},
  number={13},
  pages={2304--2320},
  year={2009},
  publisher={Elsevier}
}

@inproceedings{pubsub.stan,
  title={StAN: exploiting shared interests without disclosing them in gossip-based publish/subscribe.},
  author={Matos, Miguel and Nunes, Ana and Oliveira, Rui and Pereira, Jos{\'e}},
  booktitle={IPTPS},
  pages={9},
  year={2010}
}

@inproceedings{pubsub.vitis,
  title={Vitis: A gossip-based hybrid overlay for internet-scale pub-sub enabling rendezvous routing in unstructured overlay networks},
  author={Fatemeh Rahimian and others},
  booktitle={IPDP'11},
  organization={IEEE}
}

@techreport{pubsub.gossipsub,
  title={GossipSub: A Secure PubSub Protocol for Unstructured, Decentralised P2P Overlays},
  author={Vyzovitis, Dimitris and Psaras, Yiannis},
  year={2019},
  institution={Protocol Labs}
}

@techreport{pubsub.gossipsub2,
  title={GossipSub: Attack-Resilient Message Propagation in the Filecoin and ETH2. 0 Networks},
  author={Dimitris Vyzovitis and others},
  institution={Protocol Labs},
  year={2020}
}

@techreport{p2p.ecosystem,
    title = "Decentralized Social Ecosystem Review",
    author = "Jay Graber",
    year = 2021,
    institution = "BlueSky",
}

@article{p2p.automerge,
  title={A conflict-free replicated JSON datatype},
  author={Kleppmann, Martin and Beresford, Alastair R},
  journal={IEEE Transactions on Parallel and Distributed Systems},
  volume={28},
  number={10},
  pages={2733--2746},
  year={2017},
  publisher={IEEE}
}

@article{litt2022peritext,
  title={Peritext: A CRDT for Collaborative Rich Text Editing},
  author={Litt, Geoffrey and Lim, Sarah and Kleppmann, Martin and van Hardenberg, Peter},
  journal={Proceedings of the ACM on Human-Computer Interaction (PACMHCI)},
  year={2022}
}

@inproceedings{androulaki2018hyperledger,
  title={Hyperledger fabric: a distributed operating system for permissioned blockchains},
  author={Androulaki, Elli and Barger, Artem and Bortnikov, Vita and Cachin, Christian and Christidis, Konstantinos and De Caro, Angelo and Enyeart, David and Ferris, Christopher and Laventman, Gennady and Manevich, Yacov and others},
  booktitle={Proceedings of the thirteenth EuroSys conference},
  pages={1--15},
  year={2018}
}

@book{knuth:84,
  author = 	 {Donald E. Knuth},
  title = 	 {The Book},
  publisher = 	 {Addison-Wesley},
  year = 	 {1984},
  edition = 	 {15th}
}

@book{bashir2017mastering,
  title={Mastering blockchain},
  author={Bashir, Imran},
  year={2017},
  publisher={Packt Publishing Ltd}
}

@book{wikipedia2004wikipedia,
  title={Wikipedia},
  author={Wikipedia},
  year={2004},
  publisher={PediaPress}
}

@book{peterson2007computer,
  title={Computer networks: a systems approach},
  author={Peterson, Larry L and Davie, Bruce S},
  year={2007},
  publisher={Elsevier}
}

@book{pilato2008version,
  title={Version control with subversion: next generation open source version control},
  author={Pilato, C Michael and Collins-Sussman, Ben and Fitzpatrick, Brian W},
  year={2008},
  publisher={" O'Reilly Media, Inc."}
}

@book{o2009mercurial,
  title={Mercurial: The Definitive Guide: The Definitive Guide},
  author={O'Sullivan, Bryan},
  year={2009},
  publisher={" O'Reilly Media, Inc."}
}

@inproceedings{wu2010partial,
  title={A partial persistent data structure to support consistency in real-time collaborative editing},
  author={Wu, Qinyi and Pu, Calton and Ferreira, Joao Eduardo},
  booktitle={2010 IEEE 26th International Conference on Data Engineering (ICDE 2010)},
  pages={776--779},
  year={2010},
  organization={IEEE}
}

@inproceedings{zheng2017overview,
  title={An overview of blockchain technology: Architecture, consensus, and future trends},
  author={Zheng, Zibin and Xie, Shaoan and Dai, Hongning and Chen, Xiangping and Wang, Huaimin},
  booktitle={2017 IEEE international congress on big data (BigData congress)},
  pages={557--564},
  year={2017},
  organization={Ieee}
}

@inproceedings{deepa2020analysis,
  title={An analysis on version control systems},
  author={Deepa, N and Prabadevi, B and Krithika, LB and Deepa, B},
  booktitle={2020 International Conference on Emerging Trends in Information Technology and Engineering (ic-ETITE)},
  pages={1--9},
  year={2020},
  organization={IEEE}
}

@MISC{Mat:2022,
author = {Matthew Weidner},
title = {Designing Data Structures for Collaborative Apps},
month = feb,
year = {2022},
howpublished={url{https://mattweidner.com/2022/02/10/collaborative-data-design.html}}
}

@misc{pounds2015introducing,
  title={Introducing BitTorrent Sync 1.4: An Easier Way to Share Large Files (2014)},
  author={Pounds, E},
  year={2015}
}

@article{sanjuan2020merkle,
  title={Merkle-CRDTs: Merkle-DAGs meet CRDTs},
  author={Sanju{\'a}n, H{\'e}ctor and Poyhtari, Samuli and Teixeira, Pedro and Psaras, Ioannis},
  journal={arXiv preprint arXiv:2004.00107},
  year={2020}
}

@article{androutsellis2004survey,
  title={A survey of peer-to-peer content distribution technologies},
  author={Androutsellis-Theotokis, Stephanos and Spinellis, Diomidis},
  journal={ACM computing surveys (CSUR)},
  volume={36},
  number={4},
  pages={335--371},
  year={2004},
  publisher={ACM New York, NY, USA}
}

@article{johnson1991post,
  title={Post-mechanistic groupware primitives: rhythms, boundaries and containers},
  author={Johnson-Lenz, Peter and Johnson-Lenz, Trudy},
  journal={International Journal of Man-Machine Studies},
  volume={34},
  number={3},
  pages={395--417},
  year={1991},
  publisher={Elsevier}
}

@article{hoche2020complexity,
  title={Complexity of social Systems},
  author={Hoche, Michael W},
  journal={Complexity},
  volume={1},
  pages={3},
  year={2020}
}

@article{pincheira2022decentralized,
  title={A Decentralized Architecture for Trusted Dataset Sharing Using Smart Contracts and Distributed Storage},
  author={Pincheira, Miguel and Donini, Elena and Vecchio, Massimo and Kanhere, Salil},
  journal={Sensors},
  volume={22},
  number={23},
  pages={9118},
  year={2022},
  publisher={MDPI}
}

@article{nakamoto2008bitcoin,
  title={Bitcoin: A peer-to-peer electronic cash system},
  author={Nakamoto, Satoshi},
  journal={Decentralized business review},
  pages={21260},
  year={2008}
}

@article{sharma2019permissioned,
  title={Permissioned and permissionless blockchains: A comprehensive guide},
  author={Sharma, Toshendra Kumar},
  journal={Blockchain Council. Available online: https://www. blockchain-council. org/blockchain/permissioned-and-permissionless-blockchains-a-comprehensive-guide/(accessed on 13 November 2019)},
  year={2019}
}

@article{rodrigues2010peer,
  title={Peer-to-peer systems},
  author={Rodrigues, Rodrigo and Druschel, Peter},
  journal={Communications of the ACM},
  volume={53},
  number={10},
  pages={72--82},
  year={2010},
  publisher={ACM New York, NY, USA}
}

@article{schwartz2014ripple,
  title={The ripple protocol consensus algorithm},
  author={Schwartz, David and Youngs, Noah and Britto, Arthur and others},
  journal={Ripple Labs Inc White Paper},
  volume={5},
  number={8},
  pages={151},
  year={2014}
}

@article{kwon2014tendermint,
  title={Tendermint: Consensus without mining},
  author={Kwon, Jae},
  journal={Draft v. 0.6, fall},
  volume={1},
  number={11},
  year={2014}
}

@article{de2018pbft,
  title={PBFT vs proof-of-authority: Applying the CAP theorem to permissioned blockchain},
  author={De Angelis, Stefano and Aniello, Leonardo and Baldoni, Roberto and Lombardi, Federico and Margheri, Andrea and Sassone, Vladimiro},
  year={2018}
}

@article{buterin2021proof,
  title={Proof of stake faq, 2016},
  author={Buterin, Vitalik and others},
  journal={URL https://github. com/ethereum/wiki/wiki/Proof-of-Stake-FAQ.[Online},
  year={2021}
}

@article{larimer2014delegated,
  title={Delegated proof-of-stake (dpos)},
  author={Larimer, Daniel},
  journal={Bitshare whitepaper},
  volume={81},
  pages={85},
  year={2014}
}

@article{preston2008github,
  title={Github},
  author={Preston-Werner, Tom and Wanstrath, Chris and Hyett, PJ and Chacon, Scott},
  journal={URL: https://github. com [As of: 11.01. 2017]},
  year={2008}
}

@article{attebury2008google,
  title={Google docs: a review},
  author={Attebury, Ramirose and George, Julie and Judd, Cindy and Marcum, Brad},
  journal={Against the Grain},
  volume={20},
  number={2},
  pages={9},
  year={2008}
}

@article{gomes2017verifying,
  title={Verifying strong eventual consistency in distributed systems},
  author={Gomes, Victor BF and Kleppmann, Martin and Mulligan, Dominic P and Beresford, Alastair R},
  journal={Proceedings of the ACM on Programming Languages},
  volume={1},
  number={OOPSLA},
  pages={1--28},
  year={2017},
  publisher={ACM New York, NY, USA}
}

@article{bailis2013eventual,
  title={Eventual consistency today: Limitations, extensions, and beyond},
  author={Bailis, Peter and Ghodsi, Ali},
  journal={Communications of the ACM},
  volume={56},
  number={5},
  pages={55--63},
  year={2013},
  publisher={ACM New York, NY, USA}
}

@article{day2010s,
  title={Whatâ€™s different about the new Google Docs: Making collaboration fast},
  author={Day-Richter, John},
  journal={Google Drive Blog},
  pages={09--23},
  year={2010}
}

@article{terry1995managing,
  title={Managing update conflicts in Bayou, a weakly connected replicated storage system},
  author={Terry, Douglas B and Theimer, Marvin M and Petersen, Karin and Demers, Alan J and Spreitzer, Mike J and Hauser, Carl H},
  journal={ACM SIGOPS Operating Systems Review},
  volume={29},
  number={5},
  pages={172--182},
  year={1995},
  publisher={ACM New York, NY, USA}
}

@article{sherman2000napster,
  title={NAPSTER.},
  author={Sherman, Chris},
  journal={Online},
  volume={24},
  number={6},
  pages={16--23},
  year={2000},
  publisher={Information Today Inc.}
}

@article{morris2003chord,
  title={Chord: A scalable peer-to-peer look-up protocol for internet applications},
  author={Morris, Robert and Kaashoek, M Frans and Karger, David and Balakrishnan, Hari and Stoica, Ion and Liben-Nowell, David and Dabek, Frank},
  journal={IEEE/ACM Transactions On Networking},
  volume={11},
  number={1},
  pages={17--32},
  year={2003},
  publisher={Citeseer}
}

@article{spinellis2012git,
  title={Git},
  author={Spinellis, Diomidis},
  journal={IEEE software},
  volume={29},
  number={3},
  pages={100--101},
  year={2012},
  publisher={IEEE}
}

@article{otte2009version,
  title={Version control systems},
  author={Otte, Stefan},
  journal={Computer systems and telematics},
  pages={11--13},
  year={2009},
  publisher={Citeseer}
}

@article{aldin2019consistency,
  title={Consistency models in distributed systems: A survey on definitions, disciplines, challenges and applications},
  author={Aldin, Hesam Nejati Sharif and Deldari, Hossein and Moattar, Mohammad Hossein and Ghods, Mostafa Razavi},
  journal={arXiv preprint arXiv:1902.03305},
  year={2019}
}

@article{leung2013operational,
  title={Operational transformation in cooperative software systems},
  author={Leung, Clarence},
  journal={McGill Science Undergraduate Research Journal},
  volume={8},
  number={1},
  year={2013}
}

@article{lua2005survey,
  title={A survey and comparison of peer-to-peer overlay network schemes},
  author={Lua, Eng Keong and Crowcroft, Jon and Pias, Marcelo and Sharma, Ravi and Lim, Steven},
  journal={IEEE Communications Surveys \& Tutorials},
  volume={7},
  number={2},
  pages={72--93},
  year={2005},
  publisher={IEEE}
}

@article{galan2011overview,
  title={Overview and challenges of overlay networks: A survey},
  author={Gal{\'a}n-Jim{\'e}nez, Jaime and Gazo-Cervero, Alfonso},
  journal={Int J Comput Sci Eng Surv (IJCSES)},
  volume={2},
  pages={19--37},
  year={2011}
}

@article{finley2016inventors,
  title={The inventors of the internet are trying to build a truly permanent web},
  author={Finley, Klint},
  journal={Wired. June},
  volume={20},
  year={2016}
}

@article{krishnan2020blockchain,
  title={Blockchain empowers social resistance and terrorism through decentralized autonomous organizations},
  author={Krishnan, Armin},
  journal={Journal of Strategic Security},
  volume={13},
  number={1},
  pages={41--58},
  year={2020},
  publisher={JSTOR}
}
@article{robinson2018dat,
  title={The Dat Project, an open and decentralized research data tool},
  author={Robinson, Danielle C and Hand, Joe A and Madsen, Mathias Buus and McKelvey, Karissa R},
  journal={Scientific data},
  volume={5},
  number={1},
  pages={1--4},
  year={2018},
  publisher={Nature Publishing Group}
}

@article{davoust2015p2pedia,
  title={P2Pedia: a peer-to-peer wiki for decentralized collaboration},
  author={Davoust, Alan and Craig, Alexander and Esfandiari, Babak and Kazmierski, Vincent},
  journal={Concurrency and Computation: Practice and Experience},
  volume={27},
  number={11},
  pages={2778--2795},
  year={2015},
  publisher={Wiley Online Library}
}
@article{grigg2017eos,
  title={Eos-an introduction},
  author={Grigg, Ian},
  journal={White paper. https://whitepaperdatabase. com/eos-whitepaper},
  year={2017}
}

@article{cai2018decentralized,
  title={Decentralized applications: The blockchain-empowered software system},
  author={Cai, Wei and Wang, Zehua and Ernst, Jason B and Hong, Zhen and Feng, Chen and Leung, Victor CM},
  journal={IEEE access},
  volume={6},
  pages={53019--53033},
  year={2018},
  publisher={IEEE}
}

@article{finley2012wiki,
  title={Wiki inventor sticks a fork in his baby},
  author={Finley, Klint},
  journal={Wired, April},
  year={2012}
}

@article{johnson2017trello,
  title={Trello},
  author={Johnson, Heather A},
  journal={Journal of the Medical Library Association: JMLA},
  volume={105},
  number={2},
  pages={209},
  year={2017},
  publisher={Medical Library Association}
}

@article{gonzalez2017figma,
  title={Figma wants designers to collaborate Google-Docs Style},
  author={Gonzalez, Robbie},
  journal={Wired, Conde Nast},
  volume={26},
  year={2017}
}
@article{spinellis2005version,
  title={Version control systems},
  author={Spinellis, Diomidis},
  journal={IEEE software},
  volume={22},
  number={5},
  pages={108--109},
  year={2005},
  publisher={IEEE}
}

@article{zolkifli2018version,
  title={Version control system: A review},
  author={Zolkifli, Nazatul Nurlisa and Ngah, Amir and Deraman, Aziz},
  journal={Procedia Computer Science},
  volume={135},
  pages={408--415},
  year={2018},
  publisher={Elsevier}
}


@phdthesis{shapiro2011comprehensive,
  title={A comprehensive study of convergent and commutative replicated data types},
  author={Shapiro, Marc and Pregui{\c{c}}a, Nuno and Baquero, Carlos and Zawirski, Marek},
  year={2011},
  school={Inria--Centre Paris-Rocquencourt; INRIA}
}

@inproceedings{preguicca2003semantics,
  title={Semantics-based reconciliation for collaborative and mobile environments},
  author={Pregui{\c{c}}a, Nuno and Shapiro, Marc and Matheson, Caroline},
  booktitle={On The Move to Meaningful Internet Systems 2003: CoopIS, DOA, and ODBASE: OTM Confederated International Conferences, CoopIS, DOA, and ODBASE 2003, Catania, Sicily, Italy, November 3-7, 2003. Proceedings},
  pages={38--55},
  year={2003},
  organization={Springer}
}

@inproceedings{enes2019efficient,
  title={Efficient synchronization of state-based CRDTs},
  author={Enes, Vitor and Almeida, Paulo S{\'e}rgio and Baquero, Carlos and Leit{\~a}o, Jo{\~a}o},
  booktitle={2019 IEEE 35th International Conference on Data Engineering (ICDE)},
  pages={148--159},
  year={2019},
  organization={IEEE}
}

@inproceedings{chao2007student,
  title={Student project collaboration using Wikis},
  author={Chao, Joseph},
  booktitle={20th conference on software engineering education \& training (CSEET'07)},
  pages={255--261},
  year={2007},
  organization={IEEE}
}

@inproceedings{douceur2002sybil,
  title={The sybil attack},
  author={Douceur, John R},
  booktitle={Peer-to-Peer Systems: First InternationalWorkshop, IPTPS 2002 Cambridge, MA, USA, March 7--8, 2002 Revised Papers 1},
  pages={251--260},
  year={2002},
  organization={Springer}
}

@inproceedings{tarr2019secure,
  title={Secure scuttlebutt: An identity-centric protocol for subjective and decentralized applications},
  author={Tarr, Dominic and Lavoie, Erick and Meyer, Aljoscha and Tschudin, Christian},
  booktitle={Proceedings of the 6th ACM conference on information-centric networking},
  pages={1--11},
  year={2019}
}

@inproceedings{castro1999practical,
  title={Practical byzantine fault tolerance},
  author={Castro, Miguel and Liskov, Barbara and others},
  booktitle={OsDI},
  volume={99},
  number={1999},
  pages={173--186},
  year={1999}
}

@inproceedings{bessani2014state,
  title={State machine replication for the masses with BFT-SMART},
  author={Bessani, Alysson and Sousa, Jo{\~a}o and Alchieri, Eduardo EP},
  booktitle={2014 44th Annual IEEE/IFIP International Conference on Dependable Systems and Networks},
  pages={355--362},
  year={2014},
  organization={IEEE}
}

@inproceedings{brown2014riak,
  title={Riak dt map: A composable, convergent replicated dictionary},
  author={Brown, Russell and Cribbs, Sean and Meiklejohn, Christopher and Elliott, Sam},
  booktitle={Proceedings of the First Workshop on Principles and Practice of Eventual Consistency},
  pages={1--1},
  year={2014}
}

@inproceedings{smith2012overview,
  title={Overview of Operational Transformation},
  author={Smith, Zach},
  booktitle={UMM CSci Senior Seminar Conference},
  year={2012}
}

@inproceedings{sivasubramanian2012amazon,
  title={Amazon dynamoDB: a seamlessly scalable non-relational database service},
  author={Sivasubramanian, Swaminathan},
  booktitle={Proceedings of the 2012 ACM SIGMOD International Conference on Management of Data},
  pages={729--730},
  year={2012}
}

@inproceedings{kleppmann2019interleaving,
  title={Interleaving anomalies in collaborative text editors},
  author={Kleppmann, Martin and Gomes, Victor BF and Mulligan, Dominic P and Beresford, Alastair R},
  booktitle={Proceedings of the 6th Workshop on Principles and Practice of Consistency for Distributed Data},
  pages={1--7},
  year={2019}
}

@inproceedings{pourebrahimi2005survey,
  title={A survey of peer-to-peer networks},
  author={Pourebrahimi, B and Bertels, K and Vassiliadis, S},
  booktitle={Proceedings of the 16th annual workshop on Circuits, Systems and Signal Processing},
  pages={570--577},
  year={2005}
}

@inproceedings{anitha2011survey,
  title={A survey of P2P overlays in various networks},
  author={Anitha, A and JayaKumari, J and Mini, G Venifa},
  booktitle={2011 International Conference on Signal Processing, Communication, Computing and Networking Technologies},
  pages={277--281},
  year={2011},
  organization={IEEE}
}

@inproceedings{demian2013upda,
  title={UPDA: Uniform Peer-to-Peer Distribution Algorithm for Mesh Overlay Paradigm},
  author={Demian, Mina N and Sadek, Rowayda A and Selim, Gamal I},
  booktitle={International Conference on New Paradigm in Electronics and Information Technology},
  volume={2},
  number={21},
  year={2013}
}

@inproceedings{clarke2001freenet,
  title={Freenet: A distributed anonymous information storage and retrieval system},
  author={Clarke, Ian and Sandberg, Oskar and Wiley, Brandon and Hong, Theodore W},
  booktitle={Designing privacy enhancing technologies: international workshop on design issues in anonymity and unobservability Berkeley, CA, USA, July 25--26, 2000 Proceedings},
  pages={46--66},
  year={2001},
  organization={Springer}
}

@inproceedings{maymounkov2002kademilia,
  title={Kademilia: A Peer-to-peer Information System Based on XOR Metric, 1st Intl},
  author={Maymounkov, P and Mazi{\`e}res, D},
  booktitle={Workshop on Peer-to-Peer Systems},
  year={2002}
}

@inproceedings{ratnasamy2001scalable,
  title={A scalable content-addressable network},
  author={Ratnasamy, Sylvia and Francis, Paul and Handley, Mark and Karp, Richard and Shenker, Scott},
  booktitle={Proceedings of the 2001 conference on Applications, technologies, architectures, and protocols for computer communications},
  pages={161--172},
  year={2001}
}

@inproceedings{rowstron2001pastry,
  title={Pastry: Scalable, decentralized object location, and routing for large-scale peer-to-peer systems},
  author={Rowstron, Antony and Druschel, Peter},
  booktitle={Middleware 2001: IFIP/ACM International Conference on Distributed Systems Platforms Heidelberg, Germany, November 12--16, 2001 Proceedings 2},
  pages={329--350},
  year={2001},
  organization={Springer}
}

@inproceedings{eger2006bandwidth,
  title={Bandwidth trading in unstructured P2P content distribution networks},
  author={Eger, Kolja and Killat, Ulrich},
  booktitle={Sixth IEEE International Conference on Peer-to-Peer Computing (P2P'06)},
  pages={39--48},
  year={2006},
  organization={IEEE}
}

@inproceedings{wallach2003survey,
  title={A survey of peer-to-peer security issues},
  author={Wallach, Dan S},
  booktitle={Software Securityâ€”Theories and Systems: Mext-NSF-JSPS International Symposium, ISSS 2002 Tokyo, Japan, November 8--10, 2002 Revised Papers},
  pages={42--57},
  year={2003},
  organization={Springer}
}

@inproceedings{bach2018comparative,
  title={Comparative analysis of blockchain consensus algorithms},
  author={Bach, Leo Maxim and Mihaljevic, Branko and Zagar, Mario},
  booktitle={2018 41st International Convention on Information and Communication Technology, Electronics and Microelectronics (MIPRO)},
  pages={1545--1550},
  year={2018},
  organization={Ieee}
}

@inproceedings{djurdjiconline,
  title={ONLINE ENCYCLOPEDIAS WIKIPEDIA AND EVERIPEDIA AS TECHNOLOGICAL INNOVATIONS AND THEIR APPLICATION IN THE EDUCATIONAL PROCESS},
  author={{\DJ}ur{\dj}i{\'c}, Danilo and Staki{\'c}, {\DJ}or{\dj}e},
  booktitle={BOOK OF PROCEEDINGS},
  pages={77},
  year={2021}
}

@inproceedings{morris2007distriwiki,
  title={DistriWiki: a distributed peer-to-peer wiki network},
  author={Morris, Joseph C},
  booktitle={Proceedings of the 2007 international symposium on Wikis},
  pages={69--74},
  year={2007}
}

@inproceedings{kittur2010beyond,
  title={Beyond Wikipedia: coordination and conflict in online production groups},
  author={Kittur, Aniket and Kraut, Robert E},
  booktitle={Proceedings of the 2010 ACM conference on Computer supported cooperative work},
  pages={215--224},
  year={2010}
}

@inproceedings{sumi2011edit,
  title={Edit wars in Wikipedia},
  author={Sumi, R{\'o}bert and Yasseri, Taha and others},
  booktitle={2011 IEEE Third International Conference on Privacy, Security, Risk and Trust and 2011 IEEE Third International Conference on Social Computing},
  pages={724--727},
  year={2011},
  organization={IEEE}
}

@inproceedings{khare2004extending,
  title={Extending the representational state transfer (rest) architectural style for decentralized systems},
  author={Khare, Rohit and Taylor, Richard N},
  booktitle={Proceedings. 26th International Conference on Software Engineering},
  pages={428--437},
  year={2004},
  organization={IEEE}
}

@inproceedings{rahhal2009multi,
  title={Multi-synchronous collaborative semantic wikis},
  author={Rahhal, Charbel and Skaf-Molli, Hala and Molli, Pascal and Weiss, St{\'e}phane},
  booktitle={Web Information Systems Engineering-WISE 2009: 10th International Conference, Pozna{\'n}, Poland, October 5-7, 2009. Proceedings 10},
  pages={115--129},
  year={2009},
  organization={Springer}
}

@inproceedings{dourish1995parting,
  title={The parting of the ways: Divergence, data management and collaborative work},
  author={Dourish, Paul},
  booktitle={Proceedings of the Fourth European Conference on Computer-Supported Cooperative Work ECSCWâ€™95: 10--14 September, 1995, Stockholm, Sweden},
  pages={215--230},
  year={1995},
  organization={Springer}
}

@inproceedings{sun1998operational,
  title={Operational transformation in real-time group editors: issues, algorithms, and achievements},
  author={Sun, Chengzheng and Ellis, Clarence},
  booktitle={Proceedings of the 1998 ACM conference on Computer supported cooperative work},
  pages={59--68},
  year={1998}
}

@inproceedings{weiss2009logoot,
  title={Logoot: A scalable optimistic replication algorithm for collaborative editing on p2p networks},
  author={Weiss, St{\'e}phane and Urso, Pascal and Molli, Pascal},
  booktitle={2009 29th IEEE International Conference on Distributed Computing Systems},
  pages={404--412},
  year={2009},
  organization={IEEE}
}

@inproceedings{skaf2010dsmw,
  title={Dsmw: Distributed semantic mediawiki},
  author={Skaf-Molli, Hala and Canals, G{\'e}r{\^o}me and Molli, Pascal},
  booktitle={The Semantic Web: Research and Applications: 7th Extended Semantic Web Conference, ESWC 2010, Heraklion, Crete, Greece, May 30--June 3, 2010, Proceedings, Part II 7},
  pages={426--430},
  year={2010},
  organization={Springer}
}

@inproceedings{amiri2021sharper,
  title={Sharper: Sharding permissioned blockchains over network clusters},
  author={Amiri, Mohammad Javad and Agrawal, Divyakant and El Abbadi, Amr},
  booktitle={Proceedings of the 2021 international conference on management of data},
  pages={76--88},
  year={2021}
}

@inproceedings{yadav2020comparative,
  title={Comparative analysis of consensus algorithms of blockchain technology},
  author={Yadav, Ashok Kumar and Singh, Karan},
  booktitle={Ambient Communications and Computer Systems: RACCCS 2019},
  pages={205--218},
  year={2020},
  organization={Springer}
}


@misc{wood2015proof,
  title={Proof of Authority (PoA) Private Chains},
  author={Wood, Gavin},
  year={2015},
  publisher={GitHub}
}

@misc{kingsbury2017jepsen,
  title={Jepsen: Cassandra.(Sept. 2013)},
  author={Kingsbury, Kyle},
  year={2017}
}

@misc{Stichbury23,
        title = "CRDTs solve distributed data consistency challenges",
        author={{Jo Stichbury}},
        howpublished={Available in: \url{https://ably.com/blog/crdts-distributed-data-consistency-challenges}. Accessed in: February 15, 2023},
        year={2023}
}

@misc{good23,
        title = "Binary Document Format",
        author={{Alex Good, Andrew Jeffery}},
        howpublished={Available in: \url{https://automerge.org/automerge-binary-format-spec/#_column_types}. Accessed in: February 19, 2023},
        year={2023}
}

@misc{rodrigues22,
        title = "Collabora Online Unlocks the OpenPOWER Architecture",
        author={{Marc Rodrigues}},
        howpublished={Available in: \url{https://www.collaboraoffice.com/press-releases/collabora-online-unlocks-the-openpower-architecture}. Accessed in: March 22, 2023},
        year={2022}
}


@misc{hypercore23,
        title = "Hypercore, a secure, distributed append-only log",
        author={{Holepunch}},
        howpublished={Available in: \url{https://docs.holepunch.to/building-blocks/hypercore}. Accessed in: April 23, 2023},
        year={2023}
}



@misc{contentadressing23,
        title = "Content Identifiers (CIDs)",
        author={{IPFS Docs}},
        howpublished={Available in: \url{https://docs.ipfs.tech/concepts/content-addressing}. Accessed in: May 01, 2023},
        year={2023}
}

@misc{IPFSgateway23,
        title = "IPFS Gateway",
        author={{IPFS Docs}},
        howpublished={Available in: \url{https://docs.ipfs.tech/concepts/ipfs-gateway}. Accessed in: May 01, 2023},
        year={2023}
}

@misc{PublicgatewaycheckerIPFS23,
        title = "Public Gateway Checker | IPFS",
        author={{IPFS}},
        howpublished={Available in: \url{https://ipfs.github.io/public-gateway-checker}. Accessed in: May 01, 2023},
        year={2023}
}

@misc{Wikispooks23,
        title = "Wikispooks",
        author={{Wikispooks}},
        howpublished={Available in: \url{https://wikispooks.com/wiki/Main_Page}. Accessed in: May 01, 2023},
        year={2023}
}

@misc{ActivityPub18,
        title = "ActivityPub W3C Recommendation 23 January 2018",
        author={{W3C}},
        howpublished={Available in: \url{https://www.w3.org/TR/activitypub/Overview.html}. Accessed in: May 01, 2023},
        year={2018}
}

@misc{Diaspora17,
        title = "Diaspora",
        author={{Diaspora}},
        howpublished={Available in: \url{https://diasporafoundation.org}. Accessed in: May 01, 2023},
        year={2017}
}


@misc{Matrix14,
        title = "Matrix",
        author={{Matrix}},
        howpublished={Available in: \url{https://matrix.org}. Accessed in: May 01, 2023},
        year={2014}
}

@misc{Mastodon16,
        title = "Mastodon",
        author={{Mastodon}},
        howpublished={Available in: \url{https://joinmastodon.org}. Accessed in: May 01, 2023},
        year={2016}
}

@misc{Quip,
        title = "Introducing Quip",
        author={{Quip}},
        howpublished={Available in: \url{https://quip.com/blog/introducing-quip}. Accessed in: May 10, 2023},
        year={2023}
}

@misc{gnutelliums2008gnutella,
  title={Gnutella protocol specification version 0.4},
  author={Gnutelliums, LLC},
  journal={2009-03-18]. http://www.limewire.com/developer/gnutellaprotocol-0.4. pdf},
  year={2008}
}

@misc{liang2004understanding,
  title={Understanding kazaa},
  author={Liang, Jian and Kumar, Rakesh and Ross, Keith W},
  year={2004},
  publisher={submitted}
}

@misc{wikipedianotforum23,
        title = "Wikipedia is not a forum",
        author={{Wikipedia}},
        howpublished={Available in: \url{https://en.wikipedia.org/wiki/Wikipedia:Wikipedia_is_not_a_forum}. Accessed in: May 10, 2023},
        year={2023}
}

@misc{whateveripedia23,
        title = "What Is Everipedia?",
        author={{OKX Learn}},
        howpublished={Available in: \url{https://www.okx.com/learn/what-is-everipedia}. Accessed in: May 10, 2023},
        year={2023}
}

@misc{identfywrong17,
        title = "No, the media did not identify the wrong David Dao as Unitedâ€™s passenger",
        author={{Matt Pearce}},
        howpublished={Available in: \url{https://www.latimes.com/nation/la-na-united-david-dao-20170412-story.html}. Accessed in: May 16, 2023},
        year={2017}
}

@misc{falselyaccuses17,
        title = "White House-credentialed media outlet falsely accuses â€˜far left loonâ€™ of Las Vegas shooting",
        author={{Addy Baird}},
        howpublished={Available in: \url{https://thinkprogress.org/gateway-pundit-geary-danley-5280ad08276f/}. Accessed in: May 16, 2023},
        year={2017}
}

@misc{dailypennsylvania16,
        title = "Wharton dropout creates Wikipedia alternative alongside Rap Genius co-founder",
        author={{Elaine Lee}},
        howpublished={Available in: \url{https://web.archive.org/web/20160325012952/http://www.thedp.com/article/2016/03/wharton-dropout-founds-wikipedia-competitor}. Accessed in: May 16, 2023},
        year={2016}
}

@techreport{wu2009consistency,
  title={Consistency in real-time collaborative editing systems based on partial persistent sequences},
  author={Wu, Qinyi and Pu, Calton},
  year={2009},
  institution={Georgia Institute of Technology}
}


@techreport{p2p.ecosystem,
    title = "Decentralized Social Ecosystem Review",
    author = "Jay Graber",
    year = 2021,
    institution = "BlueSky",
}

@techreport{kim2001p2p,
  title={P2p overview},
  author={Kim, Hyun-chul},
  year={2001},
  institution={Tech. rep., Korea Advanced Institute of Technology.(Aug.)}
}



